<?xml version="1.0" encoding="UTF-8"?><record xmlns="http://www.loc.gov/MARC21/slim" xmlns:cinclude="http://apache.org/cocoon/include/1.0" xmlns:zs="http://www.loc.gov/zing/srw/">
  <leader>00734cz  a2200181n  4500</leader>
  <controlfield tag="001">no2007158144</controlfield>
  <controlfield tag="003">DLC</controlfield>
  <controlfield tag="005">20080821081335.0</controlfield>
  <controlfield tag="008">071219n| acannaabn          |b aaa     c</controlfield>
  <datafield tag="010" ind1=" " ind2=" ">
    <subfield code="a">no2007158144</subfield>
  </datafield>
  <datafield tag="035" ind1=" " ind2=" ">
    <subfield code="a">(OCoLC)oca07614940</subfield>
  </datafield>
  <datafield tag="040" ind1=" " ind2=" ">
    <subfield code="a">ICU</subfield>
    <subfield code="b">eng</subfield>
    <subfield code="c">ICU</subfield>
    <subfield code="d">OCoLC</subfield>
  </datafield>
  <datafield tag="100" ind1="1" ind2=" ">
    <subfield code="a">Novikov, A. V.</subfield>
    <subfield code="q">(Andreĭ Vladimirovich)</subfield>
  </datafield>
  <datafield tag="400" ind1="1" ind2=" ">
    <subfield code="a">Novikov, Andreĭ Vladimirovich</subfield>
  </datafield>
  <datafield tag="400" ind1="1" ind2=" ">
    <subfield code="a">Новиков, А. В.</subfield>
    <subfield code="q">(Андрей Владимирович)</subfield>
  </datafield>
  <datafield tag="667" ind1=" " ind2=" ">
    <subfield code="a">Machine-derived non-Latin script reference project.</subfield>
  </datafield>
  <datafield tag="667" ind1=" " ind2=" ">
    <subfield code="a">Non-Latin script reference not evaluated.</subfield>
  </datafield>
  <datafield tag="670" ind1=" " ind2=" ">
    <subfield code="a">Nat︠s︡ionalʹnyĭ ėkonomicheskiĭ mentalitet v kontekste rossiĭskikh reform, 2006:</subfield>
    <subfield code="b">t.p. (A.V. Novikov) colophon (Novikov Andreĭ Vladimirovich)</subfield>
  </datafield>
</record>